%YAML 1.1
%TAG !u! tag:unity3d.com,2011:
--- !u!1 &6803799827254903578
GameObject:
  m_ObjectHideFlags: 0
  m_CorrespondingSourceObject: {fileID: 0}
  m_PrefabInstance: {fileID: 0}
  m_PrefabAsset: {fileID: 0}
  serializedVersion: 6
  m_Component:
  - component: {fileID: 6803799827254903579}
  - component: {fileID: 6803799827254903580}
  m_Layer: 0
  m_Name: track4
  m_TagString: Untagged
  m_Icon: {fileID: 0}
  m_NavMeshLayer: 0
  m_StaticEditorFlags: 0
  m_IsActive: 1
--- !u!4 &6803799827254903579
Transform:
  m_ObjectHideFlags: 0
  m_CorrespondingSourceObject: {fileID: 0}
  m_PrefabInstance: {fileID: 0}
  m_PrefabAsset: {fileID: 0}
  m_GameObject: {fileID: 6803799827254903578}
  m_LocalRotation: {x: 0, y: 0, z: 0, w: 1}
  m_LocalPosition: {x: 0.23, y: -2.91, z: -3.66}
  m_LocalScale: {x: 1, y: 1, z: 1}
  m_Children: []
  m_Father: {fileID: 6803799828671868475}
  m_RootOrder: 5
  m_LocalEulerAnglesHint: {x: 0, y: 0, z: 0}
--- !u!60 &6803799827254903580
PolygonCollider2D:
  m_ObjectHideFlags: 0
  m_CorrespondingSourceObject: {fileID: 0}
  m_PrefabInstance: {fileID: 0}
  m_PrefabAsset: {fileID: 0}
  m_GameObject: {fileID: 6803799827254903578}
  m_Enabled: 1
  m_Density: 1
  m_Material: {fileID: 0}
  m_IsTrigger: 0
  m_UsedByEffector: 0
  m_UsedByComposite: 0
  m_Offset: {x: 0, y: 0}
  m_SpriteTilingProperty:
    border: {x: 0, y: 0, z: 0, w: 0}
    pivot: {x: 0, y: 0}
    oldSize: {x: 0, y: 0}
    newSize: {x: 0, y: 0}
    adaptiveTilingThreshold: 0
    drawMode: 0
    adaptiveTiling: 0
  m_AutoTiling: 0
  m_Points:
    m_Paths:
    - - {x: 2.0096743, y: 1.3652232}
      - {x: 0.47951388, y: 0.9995761}
      - {x: 0.95298517, y: -0.009860516}
      - {x: 1.2562861, y: -0.5969875}
      - {x: 2.0671728, y: -0.65567183}
      - {x: 2.9562197, y: -0.5837084}
      - {x: 3.5580804, y: -0.15014732}
      - {x: 3.1470404, y: 0.5881063}
      - {x: 2.5443358, y: 0.9233862}
--- !u!1 &6803799827308411674
GameObject:
  m_ObjectHideFlags: 0
  m_CorrespondingSourceObject: {fileID: 0}
  m_PrefabInstance: {fileID: 0}
  m_PrefabAsset: {fileID: 0}
  serializedVersion: 6
  m_Component:
  - component: {fileID: 6803799827308411675}
  - component: {fileID: 6803799827308411676}
  m_Layer: 0
  m_Name: track3
  m_TagString: Untagged
  m_Icon: {fileID: 0}
  m_NavMeshLayer: 0
  m_StaticEditorFlags: 0
  m_IsActive: 1
--- !u!4 &6803799827308411675
Transform:
  m_ObjectHideFlags: 0
  m_CorrespondingSourceObject: {fileID: 0}
  m_PrefabInstance: {fileID: 0}
  m_PrefabAsset: {fileID: 0}
  m_GameObject: {fileID: 6803799827308411674}
  m_LocalRotation: {x: 0, y: 0, z: 0, w: 1}
  m_LocalPosition: {x: -1.31, y: 3.09, z: -3.66}
  m_LocalScale: {x: 1, y: 1, z: 1}
  m_Children: []
  m_Father: {fileID: 6803799828671868475}
  m_RootOrder: 4
  m_LocalEulerAnglesHint: {x: 0, y: 0, z: 0}
--- !u!60 &6803799827308411676
PolygonCollider2D:
  m_ObjectHideFlags: 0
  m_CorrespondingSourceObject: {fileID: 0}
  m_PrefabInstance: {fileID: 0}
  m_PrefabAsset: {fileID: 0}
  m_GameObject: {fileID: 6803799827308411674}
  m_Enabled: 1
  m_Density: 1
  m_Material: {fileID: 0}
  m_IsTrigger: 0
  m_UsedByEffector: 0
  m_UsedByComposite: 0
  m_Offset: {x: 0, y: 0}
  m_SpriteTilingProperty:
    border: {x: 0, y: 0, z: 0, w: 0}
    pivot: {x: 0, y: 0}
    oldSize: {x: 0, y: 0}
    newSize: {x: 0, y: 0}
    adaptiveTilingThreshold: 0
    drawMode: 0
    adaptiveTiling: 0
  m_AutoTiling: 0
  m_Points:
    m_Paths:
    - - {x: 0.07305741, y: 0.5458579}
      - {x: -0.16034842, y: 0.038098097}
      - {x: 0.12463498, y: -0.6244037}
      - {x: 0.66514546, y: -0.9629183}
      - {x: 1.7401907, y: -0.86855555}
      - {x: 1.1123993, y: 0.4754696}
--- !u!1 &6803799828077313431
GameObject:
  m_ObjectHideFlags: 0
  m_CorrespondingSourceObject: {fileID: 0}
  m_PrefabInstance: {fileID: 0}
  m_PrefabAsset: {fileID: 0}
  serializedVersion: 6
  m_Component:
  - component: {fileID: 6803799828077313448}
  - component: {fileID: 6803799828077313449}
  m_Layer: 0
  m_Name: track2
  m_TagString: Untagged
  m_Icon: {fileID: 0}
  m_NavMeshLayer: 0
  m_StaticEditorFlags: 0
  m_IsActive: 1
--- !u!4 &6803799828077313448
Transform:
  m_ObjectHideFlags: 0
  m_CorrespondingSourceObject: {fileID: 0}
  m_PrefabInstance: {fileID: 0}
  m_PrefabAsset: {fileID: 0}
  m_GameObject: {fileID: 6803799828077313431}
  m_LocalRotation: {x: 0, y: 0, z: 0, w: 1}
  m_LocalPosition: {x: -5.49, y: -3.56, z: -3.66}
  m_LocalScale: {x: 1, y: 1, z: 1}
  m_Children: []
  m_Father: {fileID: 6803799828671868475}
  m_RootOrder: 3
  m_LocalEulerAnglesHint: {x: 0, y: 0, z: 0}
--- !u!60 &6803799828077313449
PolygonCollider2D:
  m_ObjectHideFlags: 0
  m_CorrespondingSourceObject: {fileID: 0}
  m_PrefabInstance: {fileID: 0}
  m_PrefabAsset: {fileID: 0}
  m_GameObject: {fileID: 6803799828077313431}
  m_Enabled: 1
  m_Density: 1
  m_Material: {fileID: 0}
  m_IsTrigger: 0
  m_UsedByEffector: 0
  m_UsedByComposite: 0
  m_Offset: {x: 0, y: 0}
  m_SpriteTilingProperty:
    border: {x: 0, y: 0, z: 0, w: 0}
    pivot: {x: 0, y: 0}
    oldSize: {x: 0, y: 0}
    newSize: {x: 0, y: 0}
    adaptiveTilingThreshold: 0
    drawMode: 0
    adaptiveTiling: 0
  m_AutoTiling: 0
  m_Points:
    m_Paths:
    - - {x: 2.144172, y: 0.8739464}
      - {x: 1.9420841, y: 0.57978153}
      - {x: 1.9274976, y: 0.074112296}
      - {x: 2.3226476, y: -0.09312487}
      - {x: 2.6625276, y: 0.0850091}
      - {x: 2.9823918, y: 0.26875257}
      - {x: 3.4231882, y: 0.73768616}
      - {x: 2.5098171, y: 1.3836327}
--- !u!1 &6803799828105379075
GameObject:
  m_ObjectHideFlags: 0
  m_CorrespondingSourceObject: {fileID: 0}
  m_PrefabInstance: {fileID: 0}
  m_PrefabAsset: {fileID: 0}
  serializedVersion: 6
  m_Component:
  - component: {fileID: 6803799828105379076}
  - component: {fileID: 6803799828105379077}
  m_Layer: 0
  m_Name: stroke2
  m_TagString: strokeDisplay
  m_Icon: {fileID: 0}
  m_NavMeshLayer: 0
  m_StaticEditorFlags: 0
  m_IsActive: 1
--- !u!4 &6803799828105379076
Transform:
  m_ObjectHideFlags: 0
  m_CorrespondingSourceObject: {fileID: 0}
  m_PrefabInstance: {fileID: 0}
  m_PrefabAsset: {fileID: 0}
  m_GameObject: {fileID: 6803799828105379075}
  m_LocalRotation: {x: -0, y: -0, z: -0, w: 1}
  m_LocalPosition: {x: 0, y: 0, z: 0}
  m_LocalScale: {x: 1, y: 1, z: 1}
  m_Children: []
  m_Father: {fileID: 6803799828671868475}
  m_RootOrder: 1
  m_LocalEulerAnglesHint: {x: 0, y: 0, z: 0}
--- !u!212 &6803799828105379077
SpriteRenderer:
  m_ObjectHideFlags: 0
  m_CorrespondingSourceObject: {fileID: 0}
  m_PrefabInstance: {fileID: 0}
  m_PrefabAsset: {fileID: 0}
  m_GameObject: {fileID: 6803799828105379075}
  m_Enabled: 1
  m_CastShadows: 0
  m_ReceiveShadows: 0
  m_DynamicOccludee: 1
  m_MotionVectors: 1
  m_LightProbeUsage: 1
  m_ReflectionProbeUsage: 1
  m_RenderingLayerMask: 4294967295
  m_RendererPriority: 0
  m_Materials:
  - {fileID: 10754, guid: 0000000000000000f000000000000000, type: 0}
  m_StaticBatchInfo:
    firstSubMesh: 0
    subMeshCount: 0
  m_StaticBatchRoot: {fileID: 0}
  m_ProbeAnchor: {fileID: 0}
  m_LightProbeVolumeOverride: {fileID: 0}
  m_ScaleInLightmap: 1
  m_PreserveUVs: 0
  m_IgnoreNormalsForChartDetection: 0
  m_ImportantGI: 0
  m_StitchLightmapSeams: 0
  m_SelectedEditorRenderState: 0
  m_MinimumChartSize: 4
  m_AutoUVMaxDistance: 0.5
  m_AutoUVMaxAngle: 89
  m_LightmapParameters: {fileID: 0}
  m_SortingLayerID: 0
  m_SortingLayer: 0
  m_SortingOrder: 0
  m_Sprite: {fileID: 21300000, guid: 9a2db47adebd68e41a7000167cccc191, type: 3}
  m_Color: {r: 1, g: 1, b: 1, a: 1}
  m_FlipX: 0
  m_FlipY: 0
  m_DrawMode: 0
  m_Size: {x: 7, y: 7}
  m_AdaptiveModeThreshold: 0.5
  m_SpriteTileMode: 0
  m_WasSpriteAssigned: 1
  m_MaskInteraction: 0
  m_SpriteSortPoint: 0
--- !u!1 &6803799828435150868
GameObject:
  m_ObjectHideFlags: 0
  m_CorrespondingSourceObject: {fileID: 0}
  m_PrefabInstance: {fileID: 0}
  m_PrefabAsset: {fileID: 0}
  serializedVersion: 6
  m_Component:
  - component: {fileID: 6803799828435150869}
  - component: {fileID: 6803799828435150870}
  m_Layer: 0
  m_Name: track1
  m_TagString: Untagged
  m_Icon: {fileID: 0}
  m_NavMeshLayer: 0
  m_StaticEditorFlags: 0
  m_IsActive: 1
--- !u!4 &6803799828435150869
Transform:
  m_ObjectHideFlags: 0
  m_CorrespondingSourceObject: {fileID: 0}
  m_PrefabInstance: {fileID: 0}
  m_PrefabAsset: {fileID: 0}
  m_GameObject: {fileID: 6803799828435150868}
  m_LocalRotation: {x: 0, y: 0, z: 0, w: 1}
  m_LocalPosition: {x: -1.49, y: 0.7, z: -3.66}
  m_LocalScale: {x: 1, y: 1, z: 1}
  m_Children: []
  m_Father: {fileID: 6803799828671868475}
  m_RootOrder: 2
  m_LocalEulerAnglesHint: {x: 0, y: 0, z: 0}
--- !u!60 &6803799828435150870
PolygonCollider2D:
  m_ObjectHideFlags: 0
  m_CorrespondingSourceObject: {fileID: 0}
  m_PrefabInstance: {fileID: 0}
  m_PrefabAsset: {fileID: 0}
  m_GameObject: {fileID: 6803799828435150868}
  m_Enabled: 1
  m_Density: 1
  m_Material: {fileID: 0}
  m_IsTrigger: 0
  m_UsedByEffector: 0
  m_UsedByComposite: 0
  m_Offset: {x: 0, y: 0}
  m_SpriteTilingProperty:
    border: {x: 0, y: 0, z: 0, w: 0}
    pivot: {x: 0, y: 0}
    oldSize: {x: 0, y: 0}
    newSize: {x: 0, y: 0}
    adaptiveTilingThreshold: 0
    drawMode: 0
    adaptiveTiling: 0
  m_AutoTiling: 0
  m_Points:
    m_Paths:
    - - {x: -0.08118582, y: 0.5682421}
      - {x: -0.36514235, y: 0.3100934}
      - {x: -0.46593332, y: -0.7738131}
      - {x: 0.7326133, y: -1.0422463}
      - {x: 1.0520289, y: -0.44404733}
      - {x: 0.5875188, y: 0.48604637}
--- !u!1 &6803799828529324437
GameObject:
  m_ObjectHideFlags: 0
  m_CorrespondingSourceObject: {fileID: 0}
  m_PrefabInstance: {fileID: 0}
  m_PrefabAsset: {fileID: 0}
  serializedVersion: 6
  m_Component:
  - component: {fileID: 6803799828529324438}
  - component: {fileID: 6803799828529324459}
  - component: {fileID: 6803799828529324458}
  - component: {fileID: 6803799828529324457}
  - component: {fileID: 6803799828529324456}
  - component: {fileID: 6803799828529324439}
  m_Layer: 0
  m_Name: border
  m_TagString: Untagged
  m_Icon: {fileID: 0}
  m_NavMeshLayer: 0
  m_StaticEditorFlags: 0
  m_IsActive: 1
--- !u!4 &6803799828529324438
Transform:
  m_ObjectHideFlags: 0
  m_CorrespondingSourceObject: {fileID: 0}
  m_PrefabInstance: {fileID: 0}
  m_PrefabAsset: {fileID: 0}
  m_GameObject: {fileID: 6803799828529324437}
  m_LocalRotation: {x: 0, y: 0, z: 0, w: 1}
  m_LocalPosition: {x: 0, y: 0, z: 0}
  m_LocalScale: {x: 1, y: 1, z: 1}
  m_Children: []
  m_Father: {fileID: 6803799828671868475}
  m_RootOrder: 6
  m_LocalEulerAnglesHint: {x: 0, y: 0, z: 0}
--- !u!212 &6803799828529324459
SpriteRenderer:
  m_ObjectHideFlags: 0
  m_CorrespondingSourceObject: {fileID: 0}
  m_PrefabInstance: {fileID: 0}
  m_PrefabAsset: {fileID: 0}
  m_GameObject: {fileID: 6803799828529324437}
  m_Enabled: 1
  m_CastShadows: 0
  m_ReceiveShadows: 0
  m_DynamicOccludee: 1
  m_MotionVectors: 1
  m_LightProbeUsage: 1
  m_ReflectionProbeUsage: 1
  m_RenderingLayerMask: 4294967295
  m_RendererPriority: 0
  m_Materials:
  - {fileID: 10754, guid: 0000000000000000f000000000000000, type: 0}
  m_StaticBatchInfo:
    firstSubMesh: 0
    subMeshCount: 0
  m_StaticBatchRoot: {fileID: 0}
  m_ProbeAnchor: {fileID: 0}
  m_LightProbeVolumeOverride: {fileID: 0}
  m_ScaleInLightmap: 1
  m_PreserveUVs: 0
  m_IgnoreNormalsForChartDetection: 0
  m_ImportantGI: 0
  m_StitchLightmapSeams: 0
  m_SelectedEditorRenderState: 0
  m_MinimumChartSize: 4
  m_AutoUVMaxDistance: 0.5
  m_AutoUVMaxAngle: 89
  m_LightmapParameters: {fileID: 0}
  m_SortingLayerID: 0
  m_SortingLayer: 0
  m_SortingOrder: 0
  m_Sprite: {fileID: 0}
  m_Color: {r: 1, g: 1, b: 1, a: 1}
  m_FlipX: 0
  m_FlipY: 0
  m_DrawMode: 0
  m_Size: {x: 1, y: 1}
  m_AdaptiveModeThreshold: 0.5
  m_SpriteTileMode: 0
  m_WasSpriteAssigned: 0
  m_MaskInteraction: 0
  m_SpriteSortPoint: 0
--- !u!61 &6803799828529324458
BoxCollider2D:
  m_ObjectHideFlags: 0
  m_CorrespondingSourceObject: {fileID: 0}
  m_PrefabInstance: {fileID: 0}
  m_PrefabAsset: {fileID: 0}
  m_GameObject: {fileID: 6803799828529324437}
  m_Enabled: 1
  m_Density: 1
  m_Material: {fileID: 0}
  m_IsTrigger: 0
  m_UsedByEffector: 0
  m_UsedByComposite: 0
  m_Offset: {x: -5.4639726, y: 0}
  m_SpriteTilingProperty:
    border: {x: 0, y: 0, z: 0, w: 0}
    pivot: {x: 0, y: 0}
    oldSize: {x: 0, y: 0}
    newSize: {x: 0, y: 0}
    adaptiveTilingThreshold: 0
    drawMode: 0
    adaptiveTiling: 0
  m_AutoTiling: 0
  serializedVersion: 2
  m_Size: {x: 3.609452, y: 8}
  m_EdgeRadius: 0
--- !u!61 &6803799828529324457
BoxCollider2D:
  m_ObjectHideFlags: 0
  m_CorrespondingSourceObject: {fileID: 0}
  m_PrefabInstance: {fileID: 0}
  m_PrefabAsset: {fileID: 0}
  m_GameObject: {fileID: 6803799828529324437}
  m_Enabled: 1
  m_Density: 1
  m_Material: {fileID: 0}
  m_IsTrigger: 0
  m_UsedByEffector: 0
  m_UsedByComposite: 0
  m_Offset: {x: 5.89324, y: 0}
  m_SpriteTilingProperty:
    border: {x: 0, y: 0, z: 0, w: 0}
    pivot: {x: 0, y: 0}
    oldSize: {x: 0, y: 0}
    newSize: {x: 0, y: 0}
    adaptiveTilingThreshold: 0
    drawMode: 0
    adaptiveTiling: 0
  m_AutoTiling: 0
  serializedVersion: 2
  m_Size: {x: 3.5313988, y: 8}
  m_EdgeRadius: 0
--- !u!61 &6803799828529324456
BoxCollider2D:
  m_ObjectHideFlags: 0
  m_CorrespondingSourceObject: {fileID: 0}
  m_PrefabInstance: {fileID: 0}
  m_PrefabAsset: {fileID: 0}
  m_GameObject: {fileID: 6803799828529324437}
  m_Enabled: 1
  m_Density: 1
  m_Material: {fileID: 0}
  m_IsTrigger: 0
  m_UsedByEffector: 0
  m_UsedByComposite: 0
  m_Offset: {x: 0.19512033, y: 6.9789934}
  m_SpriteTilingProperty:
    border: {x: 0, y: 0, z: 0, w: 0}
    pivot: {x: 0, y: 0}
    oldSize: {x: 0, y: 0}
    newSize: {x: 0, y: 0}
    adaptiveTilingThreshold: 0
    drawMode: 0
    adaptiveTiling: 0
  m_AutoTiling: 0
  serializedVersion: 2
  m_Size: {x: 14.927638, y: 6.561434}
  m_EdgeRadius: 0
--- !u!61 &6803799828529324439
BoxCollider2D:
  m_ObjectHideFlags: 0
  m_CorrespondingSourceObject: {fileID: 0}
  m_PrefabInstance: {fileID: 0}
  m_PrefabAsset: {fileID: 0}
  m_GameObject: {fileID: 6803799828529324437}
  m_Enabled: 1
  m_Density: 1
  m_Material: {fileID: 0}
  m_IsTrigger: 0
  m_UsedByEffector: 0
  m_UsedByComposite: 0
  m_Offset: {x: 0.19512033, y: -4.935754}
  m_SpriteTilingProperty:
    border: {x: 0, y: 0, z: 0, w: 0}
    pivot: {x: 0, y: 0}
    oldSize: {x: 0, y: 0}
    newSize: {x: 0, y: 0}
    adaptiveTilingThreshold: 0
    drawMode: 0
    adaptiveTiling: 0
  m_AutoTiling: 0
  serializedVersion: 2
  m_Size: {x: 14.927638, y: 2.2434292}
  m_EdgeRadius: 0
--- !u!1 &6803799828671868474
GameObject:
  m_ObjectHideFlags: 0
  m_CorrespondingSourceObject: {fileID: 0}
  m_PrefabInstance: {fileID: 0}
  m_PrefabAsset: {fileID: 0}
  serializedVersion: 6
  m_Component:
  - component: {fileID: 6803799828671868475}
  - component: {fileID: 6803799828671868478}
  - component: {fileID: 6803799828671868477}
  - component: {fileID: 6803799828671868476}
  m_Layer: 0
  m_Name: T_B9
  m_TagString: Untagged
  m_Icon: {fileID: 0}
  m_NavMeshLayer: 0
  m_StaticEditorFlags: 0
  m_IsActive: 1
--- !u!4 &6803799828671868475
Transform:
  m_ObjectHideFlags: 0
  m_CorrespondingSourceObject: {fileID: 0}
  m_PrefabInstance: {fileID: 0}
  m_PrefabAsset: {fileID: 0}
  m_GameObject: {fileID: 6803799828671868474}
  m_LocalRotation: {x: -0, y: -0, z: -0, w: 1}
  m_LocalPosition: {x: 0, y: 0, z: 12.19}
  m_LocalScale: {x: 0.5, y: 0.5, z: 0.5}
  m_Children:
  - {fileID: 6803799829076191371}
  - {fileID: 6803799828105379076}
  - {fileID: 6803799828435150869}
  - {fileID: 6803799828077313448}
  - {fileID: 6803799827308411675}
  - {fileID: 6803799827254903579}
  - {fileID: 6803799828529324438}
  m_Father: {fileID: 0}
  m_RootOrder: 0
  m_LocalEulerAnglesHint: {x: 0, y: 0, z: 0}
--- !u!212 &6803799828671868478
SpriteRenderer:
  m_ObjectHideFlags: 0
  m_CorrespondingSourceObject: {fileID: 0}
  m_PrefabInstance: {fileID: 0}
  m_PrefabAsset: {fileID: 0}
  m_GameObject: {fileID: 6803799828671868474}
  m_Enabled: 1
  m_CastShadows: 0
  m_ReceiveShadows: 0
  m_DynamicOccludee: 1
  m_MotionVectors: 1
  m_LightProbeUsage: 1
  m_ReflectionProbeUsage: 1
  m_RenderingLayerMask: 4294967295
  m_RendererPriority: 0
  m_Materials:
  - {fileID: 10754, guid: 0000000000000000f000000000000000, type: 0}
  m_StaticBatchInfo:
    firstSubMesh: 0
    subMeshCount: 0
  m_StaticBatchRoot: {fileID: 0}
  m_ProbeAnchor: {fileID: 0}
  m_LightProbeVolumeOverride: {fileID: 0}
  m_ScaleInLightmap: 1
  m_PreserveUVs: 0
  m_IgnoreNormalsForChartDetection: 0
  m_ImportantGI: 0
  m_StitchLightmapSeams: 0
  m_SelectedEditorRenderState: 0
  m_MinimumChartSize: 4
  m_AutoUVMaxDistance: 0.5
  m_AutoUVMaxAngle: 89
  m_LightmapParameters: {fileID: 0}
  m_SortingLayerID: 0
  m_SortingLayer: 0
  m_SortingOrder: 0
  m_Sprite: {fileID: 21300000, guid: 550a2e28ac8d8a649b9c79d416b1abbf, type: 3}
  m_Color: {r: 1, g: 1, b: 1, a: 1}
  m_FlipX: 0
  m_FlipY: 0
  m_DrawMode: 0
  m_Size: {x: 7, y: 7}
  m_AdaptiveModeThreshold: 0.5
  m_SpriteTileMode: 0
  m_WasSpriteAssigned: 1
  m_MaskInteraction: 0
  m_SpriteSortPoint: 0
--- !u!60 &6803799828671868477
PolygonCollider2D:
  m_ObjectHideFlags: 0
  m_CorrespondingSourceObject: {fileID: 0}
  m_PrefabInstance: {fileID: 0}
  m_PrefabAsset: {fileID: 0}
  m_GameObject: {fileID: 6803799828671868474}
  m_Enabled: 1
  m_Density: 1
  m_Material: {fileID: 0}
  m_IsTrigger: 0
  m_UsedByEffector: 0
  m_UsedByComposite: 0
  m_Offset: {x: 0, y: 0}
  m_SpriteTilingProperty:
    border: {x: 0, y: 0, z: 0, w: 0}
    pivot: {x: 0.5, y: 0.5}
    oldSize: {x: 7, y: 7}
    newSize: {x: 7, y: 7}
    adaptiveTilingThreshold: 0.5
    drawMode: 0
    adaptiveTiling: 0
  m_AutoTiling: 0
  m_Points:
    m_Paths:
    - - {x: -2.6799998, y: -3.1599998}
      - {x: -2.37, y: -2.85}
      - {x: -2.29, y: -2.76}
      - {x: -2.11, y: -2.55}
      - {x: -1.9399999, y: -2.33}
      - {x: -1.73, y: -1.99}
      - {x: -1.54, y: -1.66}
      - {x: -1.48, y: -1.55}
      - {x: -1.17, y: -0.91999996}
      - {x: -1.0699999, y: -0.7}
      - {x: -0.98999995, y: -0.52}
      - {x: -0.91999996, y: -0.35999998}
      - {x: -0.79999995, y: -0.11}
      - {x: -0.74, y: -0.04}
      - {x: -0.68, y: 0.07}
      - {x: -0.65999997, y: 0.13}
      - {x: -0.65999997, y: 0.31}
      - {x: -0.66999996, y: 0.37}
      - {x: -0.7, y: 0.47}
      - {x: -0.78, y: 0.63}
      - {x: -0.9, y: 0.79999995}
      - {x: -1.09, y: 1.01}
      - {x: -1.24, y: 1.1}
      - {x: -1.3299999, y: 1.13}
      - {x: -1.48, y: 1.13}
      - {x: -1.55, y: 1.1}
      - {x: -1.62, y: 1.04}
      - {x: -1.67, y: 0.95}
      - {x: -1.6999999, y: 0.84999996}
      - {x: -1.7099999, y: 0.76}
      - {x: -1.7199999, y: 0.52}
      - {x: -1.75, y: 0.29}
      - {x: -1.78, y: 0.14999999}
      - {x: -1.86, y: -0.13}
      - {x: -1.9499999, y: -0.38}
      - {x: -2.12, y: -0.81}
      - {x: -2.27, y: -1.15}
      - {x: -2.36, y: -1.3399999}
      - {x: -2.54, y: -1.68}
      - {x: -2.71, y: -1.9799999}
      - {x: -2.83, y: -2.18}
      - {x: -2.9099998, y: -2.31}
      - {x: -3.12, y: -2.6299999}
      - {x: -3.1699998, y: -2.7}
      - {x: -3.36, y: -2.96}
      - {x: -3.48, y: -3.11}
      - {x: -3.5, y: -3.1499999}
      - {x: -3.5, y: -3.3799999}
      - {x: -3.49, y: -3.3999999}
      - {x: -3.4299998, y: -3.47}
      - {x: -3.36, y: -3.5}
      - {x: -3.1499999, y: -3.5}
      - {x: -3, y: -3.4299998}
      - {x: -2.9299998, y: -3.3799999}
      - {x: -2.83, y: -3.3}
    - - {x: 3.09, y: -3.37}
      - {x: 3.3, y: -3.34}
      - {x: 3.3899999, y: -3.3}
      - {x: 3.4499998, y: -3.23}
      - {x: 3.48, y: -3.1799998}
      - {x: 3.5, y: -3.1399999}
      - {x: 3.5, y: -2.9399998}
      - {x: 3.49, y: -2.9099998}
      - {x: 3.4399998, y: -2.84}
      - {x: 3.34, y: -2.75}
      - {x: 3.28, y: -2.7}
      - {x: 3.1699998, y: -2.61}
      - {x: 3.01, y: -2.47}
      - {x: 2.9199998, y: -2.3899999}
      - {x: 2.76, y: -2.25}
      - {x: 2.6699998, y: -2.1699998}
      - {x: 2.4299998, y: -1.9599999}
      - {x: 2.4199998, y: -1.9599999}
      - {x: 2.1399999, y: -1.68}
      - {x: 2.1399999, y: -1.67}
      - {x: 2.03, y: -1.54}
      - {x: 1.8499999, y: -1.31}
      - {x: 1.77, y: -1.1899999}
      - {x: 1.65, y: -1.03}
      - {x: 1.56, y: -0.89}
      - {x: 1.49, y: -0.78}
      - {x: 1.42, y: -0.65999997}
      - {x: 1.4, y: -0.64}
      - {x: 1.25, y: -0.35}
      - {x: 1.25, y: -0.32999998}
      - {x: 1.2099999, y: -0.24}
      - {x: 1.14, y: -0.08}
      - {x: 1.02, y: 0.21}
      - {x: 0.97999996, y: 0.31}
      - {x: 0.91999996, y: 0.44}
      - {x: 0.90999997, y: 0.48999998}
      - {x: 0.89, y: 0.53999996}
      - {x: 0.78999996, y: 0.79999995}
      - {x: 0.61, y: 1.28}
      - {x: 0.41, y: 1.8299999}
      - {x: 0.35, y: 2}
      - {x: 0.26999998, y: 2.22}
      - {x: 0.17, y: 2.51}
      - {x: 0.12, y: 2.6299999}
      - {x: 0.02, y: 2.84}
      - {x: -0.049999997, y: 2.95}
      - {x: -0.11, y: 3.03}
      - {x: -0.28, y: 3.21}
      - {x: -0.41, y: 3.31}
      - {x: -0.61, y: 3.4099998}
      - {x: -0.75, y: 3.46}
      - {x: -0.85999995, y: 3.5}
      - {x: -1.11, y: 3.5}
      - {x: -1.18, y: 3.47}
      - {x: -1.25, y: 3.3999999}
      - {x: -1.29, y: 3.31}
      - {x: -1.3, y: 3.27}
      - {x: -1.31, y: 3.1399999}
      - {x: -1.31, y: 3.1}
      - {x: -1.29, y: 2.99}
      - {x: -1.27, y: 2.9099998}
      - {x: -1.22, y: 2.83}
      - {x: -1.1899999, y: 2.79}
      - {x: -1.0799999, y: 2.6799998}
      - {x: -1.01, y: 2.6499999}
      - {x: -0.96, y: 2.6399999}
      - {x: -0.83, y: 2.57}
      - {x: -0.66999996, y: 2.4299998}
      - {x: -0.56, y: 2.3}
      - {x: -0.45, y: 2.1}
      - {x: -0.45, y: 2.07}
      - {x: -0.42999998, y: 2.01}
      - {x: -0.25, y: 1.48}
      - {x: -0.22999999, y: 1.4}
      - {x: -0.21, y: 1.3399999}
      - {x: 0.26, y: -0.06}
      - {x: 0.42, y: -0.53}
      - {x: 0.52, y: -0.82}
      - {x: 0.65999997, y: -1.22}
      - {x: 0.68, y: -1.27}
      - {x: 0.71, y: -1.36}
      - {x: 0.72999996, y: -1.41}
      - {x: 0.76, y: -1.5}
      - {x: 0.84, y: -1.7199999}
      - {x: 0.98999995, y: -2.12}
      - {x: 1.03, y: -2.22}
      - {x: 1.0799999, y: -2.35}
      - {x: 1.11, y: -2.4199998}
      - {x: 1.16, y: -2.54}
      - {x: 1.1899999, y: -2.61}
      - {x: 1.26, y: -2.76}
      - {x: 1.4, y: -3.04}
      - {x: 1.4599999, y: -3.1299999}
      - {x: 1.63, y: -3.31}
      - {x: 1.76, y: -3.3799999}
      - {x: 1.91, y: -3.4099998}
      - {x: 1.9799999, y: -3.4199998}
      - {x: 2.5, y: -3.4199998}
      - {x: 2.6699998, y: -3.4099998}
      - {x: 2.8, y: -3.3999999}
      - {x: 2.9099998, y: -3.3899999}
--- !u!114 &6803799828671868476
MonoBehaviour:
  m_ObjectHideFlags: 0
  m_CorrespondingSourceObject: {fileID: 0}
  m_PrefabInstance: {fileID: 0}
  m_PrefabAsset: {fileID: 0}
  m_GameObject: {fileID: 6803799828671868474}
  m_Enabled: 1
  m_EditorHideFlags: 0
  m_Script: {fileID: 11500000, guid: b0f3c2172e2c23449afa1a589a809ff9, type: 3}
  m_Name: 
  m_EditorClassIdentifier: 
  chineseCharacter: 8
  stroke:
  - 1,2
  - 3,4
  strokeDisplay:
  - {fileID: 6803799829076191372}
  - {fileID: 6803799828105379077}
  sound: {fileID: 8300000, guid: e5e52dc5e3c2d444f93c65b01cfe4357, type: 3}
--- !u!1 &6803799829076191370
GameObject:
  m_ObjectHideFlags: 0
  m_CorrespondingSourceObject: {fileID: 0}
  m_PrefabInstance: {fileID: 0}
  m_PrefabAsset: {fileID: 0}
  serializedVersion: 6
  m_Component:
  - component: {fileID: 6803799829076191371}
  - component: {fileID: 6803799829076191372}
  m_Layer: 0
  m_Name: stroke1
  m_TagString: strokeDisplay
  m_Icon: {fileID: 0}
  m_NavMeshLayer: 0
  m_StaticEditorFlags: 0
  m_IsActive: 1
--- !u!4 &6803799829076191371
Transform:
  m_ObjectHideFlags: 0
  m_CorrespondingSourceObject: {fileID: 0}
  m_PrefabInstance: {fileID: 0}
  m_PrefabAsset: {fileID: 0}
  m_GameObject: {fileID: 6803799829076191370}
  m_LocalRotation: {x: -0, y: -0, z: -0, w: 1}
  m_LocalPosition: {x: 0, y: 0, z: 0}
  m_LocalScale: {x: 1, y: 1, z: 1}
  m_Children: []
  m_Father: {fileID: 6803799828671868475}
  m_RootOrder: 0
  m_LocalEulerAnglesHint: {x: 0, y: 0, z: 0}
--- !u!212 &6803799829076191372
SpriteRenderer:
  m_ObjectHideFlags: 0
  m_CorrespondingSourceObject: {fileID: 0}
  m_PrefabInstance: {fileID: 0}
  m_PrefabAsset: {fileID: 0}
  m_GameObject: {fileID: 6803799829076191370}
  m_Enabled: 1
  m_CastShadows: 0
  m_ReceiveShadows: 0
  m_DynamicOccludee: 1
  m_MotionVectors: 1
  m_LightProbeUsage: 1
  m_ReflectionProbeUsage: 1
  m_RenderingLayerMask: 4294967295
  m_RendererPriority: 0
  m_Materials:
  - {fileID: 10754, guid: 0000000000000000f000000000000000, type: 0}
  m_StaticBatchInfo:
    firstSubMesh: 0
    subMeshCount: 0
  m_StaticBatchRoot: {fileID: 0}
  m_ProbeAnchor: {fileID: 0}
  m_LightProbeVolumeOverride: {fileID: 0}
  m_ScaleInLightmap: 1
  m_PreserveUVs: 0
  m_IgnoreNormalsForChartDetection: 0
  m_ImportantGI: 0
  m_StitchLightmapSeams: 0
  m_SelectedEditorRenderState: 0
  m_MinimumChartSize: 4
  m_AutoUVMaxDistance: 0.5
  m_AutoUVMaxAngle: 89
  m_LightmapParameters: {fileID: 0}
  m_SortingLayerID: 0
  m_SortingLayer: 0
  m_SortingOrder: 0
  m_Sprite: {fileID: 21300000, guid: 44e98cde765912846a03505a709d09b4, type: 3}
  m_Color: {r: 1, g: 1, b: 1, a: 1}
  m_FlipX: 0
  m_FlipY: 0
  m_DrawMode: 0
  m_Size: {x: 7, y: 7}
  m_AdaptiveModeThreshold: 0.5
  m_SpriteTileMode: 0
  m_WasSpriteAssigned: 1
  m_MaskInteraction: 0
  m_SpriteSortPoint: 0
